@article{thuan11,
  title={Guiding Hidden Layer Representations for Improved Rule Extraction from Neural Networks},
  author={Huynh, Thuan Q. and Reggia, James A.},
  journal={IEEE Security \& Privacy},
  volume={22},
  number={2},
  year={2011},
  publisher={IEEE}
}
@misc{uci,
author = "Dheeru, Dua and Karra Taniskidou, Efi",
year = "2017",
title = "{UCI} Machine Learning Repository",
url = "http://archive.ics.uci.edu/ml",
institution = "University of California, Irvine, School of Information and Computer Sciences" }